@Book{xie2015,
  title = {Dynamic Documents with {R} and knitr},
  author = {Yihui Xie},
  publisher = {Chapman and Hall/CRC},
  address = {Boca Raton, Florida},
  year = {2015},
  edition = {2nd},
  note = {ISBN 978-1498716963},
  url = {http://yihui.org/knitr/},
}

@book{oneil2017weapons,
	title = {Weapons of math destruction: How big data increases inequality and threatens democracy},
	author = {{O'Neil}, Cathy},
	year = {2017},
	date = {2017},
	publisher = {Crown},
	note = {Citation Key: oneil2017weapons}
}
